%
%  An example of a bibliographical database for bibTeX
%
%  Recommended software for maintenance of *.bib files:
%    JabRef, http://jabref.sourceforge.net/
%
%  BEWARE:
%
%    *  If a name contains a capital letter, which must be kept such,
%       use curly brackets ({T}hailand, {HIV}).
%
%  ===========================================================================

@inproceedings{preprocessAll,
  title={Image preprocessing for improving ocr accuracy},
  author={Bieniecki, Wojciech and Grabowski, Szymon and Rozenberg, Wojciech},
  booktitle={Perspective Technologies and Methods in MEMS Design, 2007. MEMSTECH 2007. International Conference on},
  pages={75--80},
  year={2007},
  organization={IEEE}
}

@misc{TesseractQual,
  author = {Hewlett Packard},
  title = {Tesseract Improve Quality},
  year = {1996},
  publisher = {GitHub},
  journal = {GitHub repository},
  howpublished = {\url{https://github.com/tesseract-ocr/tesseract/wiki/ImproveQuality}},
}

@inproceedings{svmAlgorithm,
author = {Marvel, Murugesh},
year = {2016},
month = {02},
pages = {},
title = {TRAINING SVM USING FUZZY MULTI CLASS METHOD FOR NATURAL LANGUAGE PROCESSING}
}

@inproceedings{interpolation,
  title={Image Interpolation Techniques in Digital Image Processing : An Overview},
  author={Shreyas Fadnavis},
  year={2014},
  journal = {International Journal Of Engineering Research and Application}
}

@inproceedings{interpolationComp,
  title={Comparison of Commonly Used Image Interpolation Methods},
  author={Han, Dianyuan},
  year={2013},
  booktitle={Proceedings of the 2nd International Conference on Computer Science and Electronics Engineering},
  issn={1951-6851},
  isbn={978-90-78677-61-1},
  url={http://dx.doi.org/10.2991/iccsee.2013.391},
  doi={10.2991/iccsee.2013.391},
  publisher={Atlantis Press}
}

@article{grayscaleConv,
    author = {Kanan, Christopher AND Cottrell, Garrison W.},
    journal = {PLOS ONE},
    publisher = {Public Library of Science},
    title = {Color-to-Grayscale: Does the Method Matter in Image Recognition?},
    year = {2012},
    url = {https://doi.org/10.1371/journal.pone.0029740},
    doi = {10.1371/journal.pone.0029740}
}

@inproceedings{grayscaleCadik,
  title={Perceptual evaluation of color-to-grayscale image conversions},
  author={{\^C}ad{\'\i}k, M},
  booktitle={Computer Graphics Forum},
  volume={27},
  number={7},
  pages={1745--1754},
  year={2008},
  organization={Wiley Online Library}
}

@inproceedings{linearNonStretch,
  title={Linear and Non-linear Contrast Enhancement Image Mr},
  author={Salem Saleh Al-amri and Dr. N. V. Kalyankar and Dr. S. D. Khamitkar},
  year={2010}
}

@article{histogramEQ,
  title={Image enhancement by Histogram equalization},
  author={Dorothy, R and Joany, RM and Rathish, R Joseph and Prabha, S Santhana and Rajendran, S},
  journal={Int. J. Nano. Corr. Sci. Engg},
  volume={2},
  number={4},
  pages={21--30},
  year={2015}
}

@article{contrastOther,
  title={Survey on Image Enhancement Techniques},
  author={Suganya, P and Gayathri, S and Mohanapriya, N and others},
  journal={International Journal of Computer Applications Technology and Research},
  volume={2},
  number={5},
  pages={623--meta},
  year={2013}
}

@inproceedings{globalThresh,
  title={Combining multiple thresholding binarization values to improve OCR output},
  author={Lund, William B and Kennard, Douglas J and Ringger, Eric K},
  booktitle={Document Recognition and Retrieval XX},
  volume={8658},
  pages={86580R},
  year={2013},
  organization={International Society for Optics and Photonics}
}

@article{otsu,
  title={Image Binarization using Otsu Thresholding Algorithm},
  author={Yousefi, Jamileh},
  year={2011}
}

@article{adaptiveBin,
  title={Adaptive document image binarization},
  author={Sauvola, Jaakko and Pietik{\"a}inen, Matti},
  journal={Pattern recognition},
  volume={33},
  number={2},
  pages={225--236},
  year={2000},
  publisher={Elsevier}
}

@article{localOtherBin,
  title={Survey over image thresholding techniques and quantitative performance evaluation},
  author={Mehmet Sezgin and B{\"u}lent Sankur},
  journal={J. Electronic Imaging},
  year={2004},
  volume={13},
  pages={146-168}
}

@inproceedings{skewAngleDetection,
  title={Image Skew Detection: A Comprehensive Study},
  author={Rosner, Daniel and Boiangiu, Costin-Anton and Zaharescu, Mihai and Bucur, Ion},
  booktitle={Proceedings of IWoCPS-3, The Third International Workshop On Cyber Physical Systems, Bucharest, Romania},
  year={2014}
}

@article{marginalNoiseWindow,
  title={A simple and effective approach for border noise removal from document images},
  author={Faisal Shafait and Thomas M. Breuel},
  journal={2009 IEEE 13th International Multitopic Conference},
  year={2009},
  pages={1-5}
}

@inproceedings{marginalNoiseEdge,
  title={Marginal noise removal from document images using edge density},
  author={Peerawit, Worapoj and Kawtrakul, Asanee},
  booktitle={4th Information and Computer Engineering Postgraduate Workshop, Phuket, Thailand},
  year={2004},
  organization={Citeseer}
}

@article{houghTransform,
  title={An approach for Skew Detection using Hough Transform},
  author={Shukla, Bhavesh Kumar and Kumar, Gautam and Kumar, Ashish},
  journal={International Journal of Computer Applications},
  volume={136},
  number={9},
  pages={20--23},
  year={2016},
  publisher={Foundation of Computer Science}
}

@inproceedings{skewBestTechniques,
  title={Image Skew Detection: A Comprehensive Study},
  author={Rosner, Daniel and Boiangiu, Costin-Anton and Zaharescu, Mihai and Bucur, Ion},
  booktitle={Proceedings of IWoCPS-3, The Third International Workshop On Cyber Physical Systems, Bucharest, Romania},
  year={2014}
}

@article{skewClustering,
  title={A nearest-neighbor chain based approach to skew estimation in document images},
  author={Lu, Yue and Tan, Chew Lim},
  journal={Pattern Recognition Letters},
  volume={24},
  number={14},
  pages={2315--2323},
  year={2003},
  publisher={Elsevier}
}

@article{fourierTransform,
  title={Improved skew detection and correction approach using Discrete Fourier algorithm},
  author={Singh, Ruby and Kaur, Ramandeep},
  journal={International Journal of soft computing and Engineering},
  volume={3},
  number={4},
  pages={5--7},
  year={2013},
  publisher={Citeseer}
}

@article{denoisingTechniques,
  title={Efficient technique for color image noise reduction},
  author={Mythili, C and Kavitha, V},
  journal={The research bulletin of Jordan, ACM},
  volume={1},
  number={11},
  pages={41--44},
  year={2011}
}

@inproceedings{nonLocalMeans,
  title={A non-local algorithm for image denoising},
  author={Buades, Antoni and Coll, Bartomeu and Morel, J-M},
  booktitle={Computer Vision and Pattern Recognition, 2005. CVPR 2005. IEEE Computer Society Conference on},
  volume={2},
  pages={60--65},
  year={2005},
  organization={IEEE}
}

@article{noiseDetection,
  title={Noise Detection in Images using Moments},
  author={Maragatham, G and Roomi, S Md Mansoor and Vasuki, P},
  journal={Research Journal of Applied Sciences, Engineering and Technology},
  volume={10},
  number={3},
  pages={307--314},
  year={2015},
  publisher={Maxwell Science Publishing}
}

@article{pageSegmentation,
  title={Empirical performance evaluation methodology and its application to page segmentation algorithms},
  author={Mao, Song and Kanungo, Tapas},
  journal={IEEE Transactions on Pattern Analysis and Machine Intelligence},
  volume={23},
  number={3},
  pages={242--256},
  year={2001},
  publisher={IEEE}
}

@article{segmentationBenchmark,
  title={Performance evaluation and benchmarking of six-page segmentation algorithms},
  author={Shafait, Faisal and Keysers, Daniel and Breuel, Thomas},
  journal={IEEE Transactions on Pattern Analysis and Machine Intelligence},
  volume={30},
  number={6},
  pages={941--954},
  year={2008},
  publisher={IEEE}
}

@book{featureExtractionBook,
  title={Optical character recognition systems for different languages with soft computing},
  author={Chaudhuri, Arindam and Mandaviya, Krupa and Badelia, Pratixa and Ghosh, Soumya K and others},
  year={2017},
  publisher={Springer}
}

@article{featureExtractionSurvey,
  title={Feature extraction methods for character recognition-a survey},
  author={Trier, Oivind Due and Jain, Anil K and Taxt, Torfinn and others},
  journal={Pattern recognition},
  volume={29},
  number={4},
  pages={641--662},
  year={1996}
}

@inproceedings{templateMatching,
  title={Optical character recognition by using template matching (alphabet)},
  author={Muda, Nadira and Ismail, Nik Kamariah Nik and Abu Bakar, SA and Zain, Jasni Mohamad},
  booktitle={National Conference on Software Engineering \& Computer Systems},
  year={2007}
}

@article{characterClassification,
  title={A review of research on Devnagari character recognition},
  author={Dongre, Vikas J and Mankar, Vijay H},
  journal={arXiv preprint arXiv:1101.2491},
  year={2011}
}

@misc{TesseractGIT,
  author = {Hewlett Packard},
  title = {Tesseract About},
  howpublished = {\url{https://github.com/tesseract-ocr/tesseract/wiki/ReadMe}},
  note = {Accessed: 2018-12-04}
}

@misc{LeptonicaLIB,
  author = {Dan Bloomberg},
  title = {Leptonica Library},
  howpublished = {\url{http://www.leptonica.com/}},
  note = {Accessed: 2018-12-04},
  year={2001}
}

@misc{OpenCV,
  author = {Intel Corporation, Willow Garage, Itseez},
  title = {OpenCV library},
  howpublished = {\url{https://opencv.org/about.html}},
  note = {Accessed: 2018-12-04},
  year={2000}
}

@misc{ImageMagick,
  author = {John Cristy},
  title = {ImageMagick},
  howpublished = {\url{https://www.imagemagick.org/script/index.php}},
  note = {Accessed: 2018-12-04},
  year={1999}
}

@inproceedings{omnipageTest,
  title={A comparative study on ocr tools},
  author={de Mello, Carlos AB and Lins, Rafael D},
  booktitle={Vision Interface},
  volume={99},
  pages={224--231},
  year={1999},
  organization={Citeseer}
}

@inproceedings{hadjar2004xed,
  title={Xed: a new tool for extracting hidden structures from electronic documents},
  author={Hadjar, Karim and Rigamonti, Maurizio and Lalanne, Denis and Ingold, Rolf},
  booktitle={First International Workshop on Document Image Analysis for Libraries, 2004. Proceedings.},
  pages={212--224},
  year={2004},
  organization={IEEE}
}

@misc{Finereader,
  author = {ABBYY},
  title = {ABBYY FineReader},
  howpublished = {\url{https://www.abbyy.com/en-ee/finereader/}},
  note = {Accessed: 2018-12-05},
  year={1993}
}

@inproceedings{Ning1993AnIO,
  title={An Implementation of OCR System Based on Skeleton Matching},
  author={Li Ning},
  year={1993}
}

@misc{Omnipage,
  author = {Nuance Communications},
  title = {OmniPage},
  howpublished = {\url{https://www.nuance.com/print-capture-and-pdf-solutions/optical-character-recognition/omnipage/omnipage-ultimate.html}},
  note = {Accessed: 2018-12-05},
  year={1980s}
}

@article{vithlani2015structural,
  title={Structural and statistical feature extraction methods for character and digit recognition},
  author={Vithlani, Purna and Kumbharana, CK},
  journal={International Journal of Computer Applications},
  volume={120},
  number={24},
  pages={0975--8887},
  year={2015},
  publisher={Citeseer}
}

@article{logicalLayoutTemplate,
  title={Analysis of the logical layout of documents},
  author={Dengel, Andreas and Shafait, Faisal},
  journal={Handbook of Document Image Processing and Recognition},
  pages={177--222},
  year={2014},
  publisher={Springer}
}

@article{logicalLayoutOther,
  title={Geometric layout analysis techniques for document image understanding: a review},
  author={Cattoni, Roldano and Coianiz, Tarcisio and Messelodi, Stefano and Modena, Carla Maria},
  journal={ITC-irst Technical Report},
  volume={9703},
  number={09},
  year={1998},
  publisher={Citeseer}
}

@inproceedings{tableDetHeterogeneous,
  title={Table detection in heterogeneous documents},
  author={Shafait, Faisal and Smith, Ray},
  booktitle={Proceedings of the 9th IAPR International Workshop on Document Analysis Systems},
  pages={65--72},
  year={2010},
  organization={ACM}
}

@inproceedings{TRecs,
  title={The t-recs table recognition and analysis system},
  author={Kieninger, Thomas and Dengel, Andreas},
  booktitle={International Workshop on Document Analysis Systems},
  pages={255--270},
  year={1998},
  organization={Springer}
}

@inproceedings{MediumTable,
  title={Medium-independent table detection},
  author={Hu, Jianying and Kashi, Ramanujan S and Lopresti, Daniel P and Wilfong, Gordon},
  booktitle={Document Recognition and Retrieval VII},
  volume={3967},
  pages={291--303},
  year={1999},
  organization={International Society for Optics and Photonics}
}

@inproceedings{tableDetectCesarini,
  title={Trainable table location in document images},
  author={Cesarini, Francesca and Marinai, Simone and Sarti, L and Soda, Giovanni},
  booktitle={Pattern Recognition, 2002. Proceedings. 16th International Conference on},
  volume={3},
  pages={236--240},
  year={2002},
  organization={IEEE}
}

@inproceedings{tesseractSegmentationTab,
  title={Hybrid page layout analysis via tab-stop detection},
  author={Smith, Raymond W},
  booktitle={2009 10th International Conference on Document Analysis and Recognition},
  pages={241--245},
  year={2009},
  organization={IEEE}
}

@inproceedings{pdf2table,
  title={pdf2table: A method to extract table information from pdf files},
  author={Yildiz, Burcu and Kaiser, Katharina and Miksch, Silvia},
  booktitle={IICAI},
  pages={1773--1785},
  year={2005}
}

@inproceedings{sparseLineDetection,
  title={Identifying table boundaries in digital documents via sparse line detection},
  author={Liu, Ying and Mitra, Prasenjit and Giles, C Lee},
  booktitle={Proceedings of the 17th ACM conference on Information and knowledge management},
  pages={1311--1320},
  year={2008},
  organization={ACM}
}

@inproceedings{otherDetection1,
  title={Locating tables in scanned documents for reconstructing and republishing},
  author={Jahan, MAC Akmal and Ragel, Roshan G},
  booktitle={Information and Automation for Sustainability (ICIAfS), 2014 7th International Conference on},
  pages={1--6},
  year={2014},
  organization={IEEE}
}

@inproceedings{otherDetection2,
  title={Table extraction from document images using fixed point model},
  author={Bansal, Anukriti and Harit, Gaurav and Roy, Sumantra Dutta},
  booktitle={Proceedings of the 2014 Indian Conference on Computer Vision Graphics and Image Processing},
  pages={67},
  year={2014},
  organization={ACM}
}

@article{sebastiani2002machine,
  title={Machine learning in automated text categorization},
  author={Sebastiani, Fabrizio},
  journal={ACM computing surveys (CSUR)},
  volume={34},
  number={1},
  pages={1--47},
  year={2002},
  publisher={ACM}
}